<?xml version="1.0" encoding="UTF-8"?>
<record>
  <leader>02860cam a2200709 cb4500</leader>
  <controlfield tag="003">DE-605</controlfield>
  <controlfield tag="005">20251105210622.0</controlfield>
  <controlfield tag="007">tu</controlfield>
  <controlfield tag="008">251104s2024    gw ||||| m    00| | ger c</controlfield>
  <controlfield tag="001">99376193112306441</controlfield>
  <datafield tag="015" ind1=" " ind2=" ">
    <subfield code="a">24,N49</subfield>
    <subfield code="2">dnb</subfield>
  </datafield>
  <datafield tag="016" ind1="7" ind2=" ">
    <subfield code="a">1349636584</subfield>
    <subfield code="2">DE-101</subfield>
  </datafield>
  <datafield tag="016" ind1="7" ind2=" ">
    <subfield code="a">1499860711</subfield>
    <subfield code="2">(OCoLC)</subfield>
  </datafield>
  <datafield tag="020" ind1=" " ind2=" ">
    <subfield code="a">9783844097382</subfield>
    <subfield code="c">: EUR 58.80 (DE), EUR 58.80 (AT), CHF 73.60 (freier Preis)</subfield>
    <subfield code="9">978-3-8440-9738-2</subfield>
  </datafield>
  <datafield tag="020" ind1=" " ind2=" ">
    <subfield code="a">3844097384</subfield>
    <subfield code="9">3-8440-9738-4</subfield>
  </datafield>
  <datafield tag="024" ind1="3" ind2=" ">
    <subfield code="a">9783844097382</subfield>
  </datafield>
  <datafield tag="035" ind1=" " ind2=" ">
    <subfield code="a">(DE-605)HT031311232</subfield>
  </datafield>
  <datafield tag="040" ind1=" " ind2=" ">
    <subfield code="a">DE-5</subfield>
    <subfield code="b">ger</subfield>
    <subfield code="c">DE-5</subfield>
    <subfield code="d">DE-5</subfield>
    <subfield code="e">rda</subfield>
  </datafield>
  <datafield tag="041" ind1=" " ind2=" ">
    <subfield code="a">ger</subfield>
  </datafield>
  <datafield tag="044" ind1=" " ind2=" ">
    <subfield code="c">XA-DE</subfield>
  </datafield>
  <datafield tag="082" ind1="0" ind2="4">
    <subfield code="a">621.38240287</subfield>
    <subfield code="2">23/ger</subfield>
  </datafield>
  <datafield tag="082" ind1="0" ind2="4">
    <subfield code="a">621.3</subfield>
  </datafield>
  <datafield tag="084" ind1=" " ind2=" ">
    <subfield code="a">53.15</subfield>
    <subfield code="2">bkl</subfield>
  </datafield>
  <datafield tag="084" ind1=" " ind2=" ">
    <subfield code="a">ZQ 3420</subfield>
    <subfield code="2">rvk</subfield>
  </datafield>
  <datafield tag="100" ind1="1" ind2=" ">
    <subfield code="a">Schlott, Patrick Franz</subfield>
    <subfield code="0">(DE-588)1356595685</subfield>
    <subfield code="4">aut</subfield>
    <subfield code="0">https://d-nb.info/gnd/1356595685</subfield>
    <subfield code="B">GND-1356595685</subfield>
  </datafield>
  <datafield tag="245" ind1="1" ind2="0">
    <subfield code="a">Modellbasierte Bewegungssteuerung für ein kranbasiertes Mess-System</subfield>
    <subfield code="c">Patrick Franz Schlott</subfield>
  </datafield>
  <datafield tag="264" ind1=" " ind2="1">
    <subfield code="a">Düren</subfield>
    <subfield code="b">Shaker Verlag</subfield>
    <subfield code="c">2024</subfield>
  </datafield>
  <datafield tag="300" ind1=" " ind2=" ">
    <subfield code="a">VII, 180 Seiten</subfield>
    <subfield code="b">Illustrationen</subfield>
    <subfield code="c">21 cm x 14.8 cm</subfield>
  </datafield>
  <datafield tag="336" ind1=" " ind2=" ">
    <subfield code="b">txt</subfield>
  </datafield>
  <datafield tag="337" ind1=" " ind2=" ">
    <subfield code="b">n</subfield>
  </datafield>
  <datafield tag="338" ind1=" " ind2=" ">
    <subfield code="b">nc</subfield>
  </datafield>
  <datafield tag="490" ind1="1" ind2=" ">
    <subfield code="a">Berichte aus dem Institut für Systemdynamik, Universität Stuttgart</subfield>
    <subfield code="v">Band 82</subfield>
  </datafield>
  <datafield tag="490" ind1="0" ind2=" ">
    <subfield code="a">Steuerungs- und Regelungstechnik</subfield>
  </datafield>
  <datafield tag="689" ind1="0" ind2="0">
    <subfield code="a">Antennenmesstechnik</subfield>
    <subfield code="D">s</subfield>
    <subfield code="0">(DE-588)4142613-7</subfield>
    <subfield code="B">GND-041426134</subfield>
  </datafield>
  <datafield tag="689" ind1="0" ind2="1">
    <subfield code="a">Transportables Gerät</subfield>
    <subfield code="D">s</subfield>
    <subfield code="0">(DE-588)4592565-3</subfield>
    <subfield code="B">GND-959143459</subfield>
  </datafield>
  <datafield tag="689" ind1="0" ind2="2">
    <subfield code="a">Sonde</subfield>
    <subfield code="D">s</subfield>
    <subfield code="0">(DE-588)4055510-0</subfield>
    <subfield code="B">GND-040555100</subfield>
  </datafield>
  <datafield tag="689" ind1="0" ind2="3">
    <subfield code="a">Brückenkran</subfield>
    <subfield code="D">s</subfield>
    <subfield code="0">(DE-588)4146739-5</subfield>
    <subfield code="B">GND-041467396</subfield>
  </datafield>
  <datafield tag="689" ind1="0" ind2="4">
    <subfield code="a">Bewegungsregelung</subfield>
    <subfield code="D">s</subfield>
    <subfield code="0">(DE-588)1135924376</subfield>
    <subfield code="B">GND-1135924376</subfield>
  </datafield>
  <datafield tag="689" ind1="0" ind2="5">
    <subfield code="a">Bahnplanung</subfield>
    <subfield code="D">s</subfield>
    <subfield code="0">(DE-588)4267628-9</subfield>
    <subfield code="B">GND-042676282</subfield>
  </datafield>
  <datafield tag="689" ind1="0" ind2="6">
    <subfield code="a">Pendelschwingung</subfield>
    <subfield code="D">s</subfield>
    <subfield code="0">(DE-588)4173653-9</subfield>
    <subfield code="B">GND-041736532</subfield>
  </datafield>
  <datafield tag="689" ind1="0" ind2="7">
    <subfield code="a">Drehung</subfield>
    <subfield code="D">s</subfield>
    <subfield code="0">(DE-588)4150619-4</subfield>
    <subfield code="B">GND-041506197</subfield>
  </datafield>
  <datafield tag="689" ind1="0" ind2="8">
    <subfield code="a">Mathematisches Modell</subfield>
    <subfield code="D">s</subfield>
    <subfield code="0">(DE-588)4114528-8</subfield>
    <subfield code="B">GND-041145283</subfield>
  </datafield>
  <datafield tag="689" ind1="0" ind2="9">
    <subfield code="a">Zustandsregelung</subfield>
    <subfield code="D">s</subfield>
    <subfield code="0">(DE-588)4191172-6</subfield>
    <subfield code="B">GND-041911725</subfield>
  </datafield>
  <datafield tag="689" ind1="0" ind2="9">
    <subfield code="a">Flachheitsbasierte Folgeregelung</subfield>
    <subfield code="D">s</subfield>
    <subfield code="0">(DE-588)4743050-3</subfield>
    <subfield code="B">GND-968544703</subfield>
  </datafield>
  <datafield tag="689" ind1="0" ind2=" ">
    <subfield code="5">DE-101</subfield>
  </datafield>
  <datafield tag="965" ind1=" " ind2=" ">
    <subfield code="u">https://d-nb.info/1349636584/04</subfield>
  </datafield>
  <datafield tag="035" ind1=" " ind2=" ">
    <subfield code="a">(DE-627)1910882275</subfield>
  </datafield>
  <datafield tag="035" ind1=" " ind2=" ">
    <subfield code="a">(DE-599)DNB1349636584</subfield>
  </datafield>
  <datafield tag="035" ind1=" " ind2=" ">
    <subfield code="a">(OCoLC)1499860711</subfield>
  </datafield>
  <datafield tag="830" ind1=" " ind2="0">
    <subfield code="a">Berichte aus dem Institut für Systemdynamik, Universität Stuttgart</subfield>
    <subfield code="w">(DE-605)</subfield>
    <subfield code="v">82</subfield>
  </datafield>
  <datafield tag="856" ind1="4" ind2="2">
    <subfield code="u">https://d-nb.info/1349636584/04</subfield>
    <subfield code="m">B:DE-101</subfield>
    <subfield code="q">application/pdf</subfield>
    <subfield code="x">Verlag</subfield>
    <subfield code="3">Inhaltsverzeichnis</subfield>
  </datafield>
  <datafield tag="700" ind1="1" ind2=" ">
    <subfield code="a">Sawodny, Oliver</subfield>
    <subfield code="d">1966-</subfield>
    <subfield code="0">(DE-588)132799979</subfield>
    <subfield code="4">dgs</subfield>
    <subfield code="0">https://d-nb.info/gnd/132799979</subfield>
    <subfield code="0">http://viaf.org/viaf/33169539</subfield>
    <subfield code="B">GND-132799979</subfield>
  </datafield>
  <datafield tag="710" ind1="2" ind2=" ">
    <subfield code="a">Universität Stuttgart</subfield>
    <subfield code="0">(DE-588)36186-0</subfield>
    <subfield code="4">dgg</subfield>
    <subfield code="0">https://d-nb.info/gnd/000361860</subfield>
    <subfield code="0">http://viaf.org/viaf/158100608</subfield>
    <subfield code="B">GND-000361860</subfield>
  </datafield>
  <datafield tag="710" ind1="2" ind2=" ">
    <subfield code="a">Shaker Verlag</subfield>
    <subfield code="0">(DE-588)1064118135</subfield>
    <subfield code="4">pbl</subfield>
    <subfield code="0">https://d-nb.info/gnd/1064118135</subfield>
    <subfield code="0">http://viaf.org/viaf/311352196</subfield>
    <subfield code="B">GND-1064118135</subfield>
  </datafield>
  <datafield tag="751" ind1=" " ind2=" ">
    <subfield code="a">Stuttgart</subfield>
    <subfield code="0">(DE-588)4058282-6</subfield>
    <subfield code="2">gnd</subfield>
    <subfield code="4">uvp</subfield>
    <subfield code="0">https://d-nb.info/gnd/040582825</subfield>
    <subfield code="B">GND-040582825</subfield>
  </datafield>
  <datafield tag="751" ind1=" " ind2=" ">
    <subfield code="a">Düren</subfield>
    <subfield code="0">(DE-588)4013237-7</subfield>
    <subfield code="2">gnd</subfield>
    <subfield code="4">pup</subfield>
    <subfield code="0">https://d-nb.info/gnd/040132374</subfield>
    <subfield code="B">GND-040132374</subfield>
  </datafield>
  <datafield tag="776" ind1="1" ind2=" ">
    <subfield code="o">10.2370/9783844098389</subfield>
  </datafield>
  <datafield tag="776" ind1="1" ind2=" ">
    <subfield code="c">PDF</subfield>
    <subfield code="z">9783844098389</subfield>
  </datafield>
  <datafield tag="655" ind1=" " ind2="7">
    <subfield code="a">Hochschulschrift</subfield>
    <subfield code="0">(DE-588)4113937-9</subfield>
    <subfield code="2">gnd-content</subfield>
  </datafield>
  <datafield tag="502" ind1=" " ind2=" ">
    <subfield code="b">Dissertation</subfield>
    <subfield code="c">Universität Stuttgart</subfield>
    <subfield code="d">2024</subfield>
  </datafield>
  <datafield tag="583" ind1="1" ind2=" ">
    <subfield code="a">Archivierung/Langzeitarchivierung gewährleistet</subfield>
    <subfield code="c">2025</subfield>
    <subfield code="f">DISS</subfield>
    <subfield code="x">XA-DE-BW</subfield>
    <subfield code="2">pdager</subfield>
    <subfield code="5">DE-93</subfield>
  </datafield>
  <datafield tag="583" ind1="1" ind2=" ">
    <subfield code="a">Archivierung/Langzeitarchivierung gewährleistet</subfield>
    <subfield code="c">2025</subfield>
    <subfield code="f">PENW</subfield>
    <subfield code="5">DE-5</subfield>
  </datafield>
  <datafield tag="MBD" ind1=" " ind2=" ">
    <subfield code="M">49HBZ_NETWORK</subfield>
    <subfield code="i">99376193112306441</subfield>
    <subfield code="n">HBZ Network</subfield>
  </datafield>
  <datafield tag="MBD" ind1=" " ind2=" ">
    <subfield code="M">49HBZ_ULB</subfield>
    <subfield code="i">991045598706406467</subfield>
    <subfield code="n">Universitaet Bonn</subfield>
  </datafield>
  <datafield tag="MNG" ind1=" " ind2=" ">
    <subfield code="c">System</subfield>
    <subfield code="f">K10PLUS NZ</subfield>
    <subfield code="i">marc21</subfield>
    <subfield code="l">84</subfield>
    <subfield code="k">01</subfield>
    <subfield code="e">false</subfield>
    <subfield code="d">2025-11-05 21:06:22 Europe/Berlin</subfield>
    <subfield code="g">99376193112306441</subfield>
    <subfield code="j">60</subfield>
    <subfield code="a">Staff00017######49HBZ_ULB</subfield>
    <subfield code="b">2025-11-04 14:31:55 Europe/Berlin</subfield>
  </datafield>
  <datafield tag="H52" ind1=" " ind2=" ">
    <subfield code="b">0</subfield>
    <subfield code="c">0-Mag</subfield>
    <subfield code="h">W 2025/3338</subfield>
    <subfield code="8">22422584140006467</subfield>
  </datafield>
  <datafield tag="HOL" ind1=" " ind2=" ">
    <subfield code="d">2025-11-04 13:36:06</subfield>
    <subfield code="8">22422584140006467</subfield>
    <subfield code="b">2025-11-04 13:32:21</subfield>
    <subfield code="M">49HBZ_ULB</subfield>
    <subfield code="g">false</subfield>
    <subfield code="a">Acquisition (PO line POL-34407)</subfield>
    <subfield code="c">Staff00017</subfield>
  </datafield>
  <datafield tag="ITM" ind1=" " ind2=" ">
    <subfield code="H">22422584140006467</subfield>
    <subfield code="x">0-Mag</subfield>
    <subfield code="I">Pflichtexemplar</subfield>
    <subfield code="f">BOOK</subfield>
    <subfield code="v">0-Mag</subfield>
    <subfield code="X">Staff00037</subfield>
    <subfield code="U">2025-11-04 14:37:38 Europe/Berlin</subfield>
    <subfield code="Y">2025-11-10 10:34:58 Europe/Berlin</subfield>
    <subfield code="n">W 2025/3338</subfield>
    <subfield code="M">49HBZ_ULB</subfield>
    <subfield code="A">true</subfield>
    <subfield code="s">1</subfield>
    <subfield code="d">#</subfield>
    <subfield code="V">Acquisition (PO line POL-34407)</subfield>
    <subfield code="b">ULB 0000081614</subfield>
    <subfield code="a">23422584130006467</subfield>
    <subfield code="R">PEBN</subfield>
    <subfield code="c">W 2025/3338</subfield>
    <subfield code="S">POL-34407</subfield>
    <subfield code="B">p2025.014629</subfield>
    <subfield code="D">2025-11-04 13:37:38</subfield>
    <subfield code="W">2025-11-04 14:32:21 Europe/Berlin</subfield>
    <subfield code="u">0</subfield>
    <subfield code="w">0</subfield>
  </datafield>
  <datafield tag="GPN" ind1="1" ind2=" ">
    <subfield code="a">Schlott, Patrick</subfield>
    <subfield code="A">GND</subfield>
    <subfield code="B">GND-1356595685</subfield>
    <subfield code="C">400</subfield>
  </datafield>
  <datafield tag="GPN" ind1="1" ind2=" ">
    <subfield code="a">Schlott, P.</subfield>
    <subfield code="A">GND</subfield>
    <subfield code="B">GND-1356595685</subfield>
    <subfield code="C">400</subfield>
  </datafield>
  <datafield tag="GSI" ind1="7" ind2=" ">
    <subfield code="a">1356595685</subfield>
    <subfield code="0">http://d-nb.info/gnd/1356595685</subfield>
    <subfield code="2">gnd</subfield>
    <subfield code="A">GND</subfield>
    <subfield code="B">GND-1356595685</subfield>
    <subfield code="C">024</subfield>
  </datafield>
  <datafield tag="GSI" ind1="7" ind2=" ">
    <subfield code="a">4013237-7</subfield>
    <subfield code="0">http://d-nb.info/gnd/4013237-7</subfield>
    <subfield code="2">gnd</subfield>
    <subfield code="A">GND</subfield>
    <subfield code="B">GND-040132374</subfield>
    <subfield code="C">024</subfield>
  </datafield>
  <datafield tag="GSI" ind1="7" ind2=" ">
    <subfield code="a">2934486</subfield>
    <subfield code="2">geonames</subfield>
    <subfield code="A">GND</subfield>
    <subfield code="B">GND-040132374</subfield>
    <subfield code="C">024</subfield>
  </datafield>
  <datafield tag="GGN" ind1=" " ind2=" ">
    <subfield code="a">Düren, Rhld.</subfield>
    <subfield code="A">GND</subfield>
    <subfield code="B">GND-040132374</subfield>
    <subfield code="C">451</subfield>
  </datafield>
  <datafield tag="GGN" ind1=" " ind2=" ">
    <subfield code="a">Stadt Düren</subfield>
    <subfield code="A">GND</subfield>
    <subfield code="B">GND-040132374</subfield>
    <subfield code="C">451</subfield>
  </datafield>
  <datafield tag="GGN" ind1=" " ind2=" ">
    <subfield code="a">Düren, Rheinland</subfield>
    <subfield code="A">GND</subfield>
    <subfield code="B">GND-040132374</subfield>
    <subfield code="C">451</subfield>
  </datafield>
  <datafield tag="GGN" ind1=" " ind2=" ">
    <subfield code="a">Düren</subfield>
    <subfield code="g">Rheinland</subfield>
    <subfield code="A">GND</subfield>
    <subfield code="B">GND-040132374</subfield>
    <subfield code="C">451</subfield>
  </datafield>
  <datafield tag="GGN" ind1=" " ind2=" ">
    <subfield code="a">Marcodurum</subfield>
    <subfield code="A">GND</subfield>
    <subfield code="B">GND-040132374</subfield>
    <subfield code="C">451</subfield>
  </datafield>
  <datafield tag="GSI" ind1="7" ind2=" ">
    <subfield code="a">4058282-6</subfield>
    <subfield code="0">http://d-nb.info/gnd/4058282-6</subfield>
    <subfield code="2">gnd</subfield>
    <subfield code="A">GND</subfield>
    <subfield code="B">GND-040582825</subfield>
    <subfield code="C">024</subfield>
  </datafield>
  <datafield tag="GSI" ind1="7" ind2=" ">
    <subfield code="a">2825297</subfield>
    <subfield code="2">geonames</subfield>
    <subfield code="A">GND</subfield>
    <subfield code="B">GND-040582825</subfield>
    <subfield code="C">024</subfield>
  </datafield>
  <datafield tag="GGN" ind1=" " ind2=" ">
    <subfield code="a">Stuotgarten</subfield>
    <subfield code="A">GND</subfield>
    <subfield code="B">GND-040582825</subfield>
    <subfield code="C">451</subfield>
  </datafield>
  <datafield tag="GGN" ind1=" " ind2=" ">
    <subfield code="a">Stadt der Auslandsdeutschen</subfield>
    <subfield code="A">GND</subfield>
    <subfield code="B">GND-040582825</subfield>
    <subfield code="C">451</subfield>
  </datafield>
  <datafield tag="GGN" ind1=" " ind2=" ">
    <subfield code="a">Estugarola</subfield>
    <subfield code="A">GND</subfield>
    <subfield code="B">GND-040582825</subfield>
    <subfield code="C">451</subfield>
  </datafield>
  <datafield tag="GGN" ind1=" " ind2=" ">
    <subfield code="a">Stoccarda</subfield>
    <subfield code="A">GND</subfield>
    <subfield code="B">GND-040582825</subfield>
    <subfield code="C">451</subfield>
  </datafield>
  <datafield tag="GGN" ind1=" " ind2=" ">
    <subfield code="a">Estugarda</subfield>
    <subfield code="A">GND</subfield>
    <subfield code="B">GND-040582825</subfield>
    <subfield code="C">451</subfield>
  </datafield>
  <datafield tag="GGN" ind1=" " ind2=" ">
    <subfield code="a">Stutgard</subfield>
    <subfield code="A">GND</subfield>
    <subfield code="B">GND-040582825</subfield>
    <subfield code="C">451</subfield>
  </datafield>
  <datafield tag="GGN" ind1=" " ind2=" ">
    <subfield code="a">Stoutgart</subfield>
    <subfield code="A">GND</subfield>
    <subfield code="B">GND-040582825</subfield>
    <subfield code="C">451</subfield>
  </datafield>
  <datafield tag="GGN" ind1=" " ind2=" ">
    <subfield code="a">Groß-Stuttgart</subfield>
    <subfield code="A">GND</subfield>
    <subfield code="B">GND-040582825</subfield>
    <subfield code="C">451</subfield>
  </datafield>
  <datafield tag="GGN" ind1=" " ind2=" ">
    <subfield code="a">Štutgart</subfield>
    <subfield code="A">GND</subfield>
    <subfield code="B">GND-040582825</subfield>
    <subfield code="C">451</subfield>
  </datafield>
  <datafield tag="GGN" ind1=" " ind2=" ">
    <subfield code="a">Shutsuttogaruto</subfield>
    <subfield code="A">GND</subfield>
    <subfield code="B">GND-040582825</subfield>
    <subfield code="C">451</subfield>
  </datafield>
  <datafield tag="GGN" ind1=" " ind2=" ">
    <subfield code="a">Capital City Stuttgart</subfield>
    <subfield code="A">GND</subfield>
    <subfield code="B">GND-040582825</subfield>
    <subfield code="C">451</subfield>
  </datafield>
  <datafield tag="GGN" ind1=" " ind2=" ">
    <subfield code="a">State Capital of Stuttgart</subfield>
    <subfield code="A">GND</subfield>
    <subfield code="B">GND-040582825</subfield>
    <subfield code="C">451</subfield>
  </datafield>
  <datafield tag="GGN" ind1=" " ind2=" ">
    <subfield code="a">Landeshauptstadt Stuttgart</subfield>
    <subfield code="A">GND</subfield>
    <subfield code="B">GND-040582825</subfield>
    <subfield code="C">451</subfield>
  </datafield>
  <datafield tag="GGN" ind1=" " ind2=" ">
    <subfield code="a">Stuttgard</subfield>
    <subfield code="A">GND</subfield>
    <subfield code="B">GND-040582825</subfield>
    <subfield code="C">451</subfield>
  </datafield>
  <datafield tag="GGN" ind1=" " ind2=" ">
    <subfield code="a">Stadtgemeinde Stuttgart</subfield>
    <subfield code="A">GND</subfield>
    <subfield code="B">GND-040582825</subfield>
    <subfield code="C">451</subfield>
  </datafield>
  <datafield tag="GGN" ind1=" " ind2=" ">
    <subfield code="a">Stutgardia</subfield>
    <subfield code="A">GND</subfield>
    <subfield code="B">GND-040582825</subfield>
    <subfield code="C">451</subfield>
  </datafield>
  <datafield tag="GGN" ind1=" " ind2=" ">
    <subfield code="a">Stadt-Gemeinde Stuttgart</subfield>
    <subfield code="A">GND</subfield>
    <subfield code="B">GND-040582825</subfield>
    <subfield code="C">451</subfield>
  </datafield>
  <datafield tag="GGN" ind1=" " ind2=" ">
    <subfield code="a">Stuttgardt</subfield>
    <subfield code="A">GND</subfield>
    <subfield code="B">GND-040582825</subfield>
    <subfield code="C">451</subfield>
  </datafield>
  <datafield tag="GGN" ind1=" " ind2=" ">
    <subfield code="a">Stadt Stuttgart</subfield>
    <subfield code="A">GND</subfield>
    <subfield code="B">GND-040582825</subfield>
    <subfield code="C">451</subfield>
  </datafield>
  <datafield tag="GGN" ind1=" " ind2=" ">
    <subfield code="a">Unicef-Kinderstadt Stuttgart</subfield>
    <subfield code="9">v:11.2015-11.2016</subfield>
    <subfield code="A">GND</subfield>
    <subfield code="B">GND-040582825</subfield>
    <subfield code="C">451</subfield>
  </datafield>
  <datafield tag="GKT" ind1="2" ind2=" ">
    <subfield code="a">Shaker Verlag GmbH</subfield>
    <subfield code="4">nauv</subfield>
    <subfield code="i">Unveraenderte Form</subfield>
    <subfield code="A">GND</subfield>
    <subfield code="B">GND-1064118135</subfield>
    <subfield code="C">410</subfield>
  </datafield>
  <datafield tag="GSI" ind1="7" ind2=" ">
    <subfield code="a">1064118135</subfield>
    <subfield code="0">http://d-nb.info/gnd/1064118135</subfield>
    <subfield code="2">gnd</subfield>
    <subfield code="A">GND</subfield>
    <subfield code="B">GND-1064118135</subfield>
    <subfield code="C">024</subfield>
  </datafield>
  <datafield tag="GKT" ind1="2" ind2=" ">
    <subfield code="a">University of Stuttgart</subfield>
    <subfield code="A">GND</subfield>
    <subfield code="B">GND-000361860</subfield>
    <subfield code="C">410</subfield>
  </datafield>
  <datafield tag="GKT" ind1="2" ind2=" ">
    <subfield code="a">Stuttgart University</subfield>
    <subfield code="A">GND</subfield>
    <subfield code="B">GND-000361860</subfield>
    <subfield code="C">410</subfield>
  </datafield>
  <datafield tag="GSI" ind1="7" ind2=" ">
    <subfield code="a">36186-0</subfield>
    <subfield code="0">http://d-nb.info/gnd/36186-0</subfield>
    <subfield code="2">gnd</subfield>
    <subfield code="A">GND</subfield>
    <subfield code="B">GND-000361860</subfield>
    <subfield code="C">024</subfield>
  </datafield>
  <datafield tag="GSI" ind1="7" ind2=" ">
    <subfield code="a">0000 0004 1936 9713</subfield>
    <subfield code="2">isni</subfield>
    <subfield code="A">GND</subfield>
    <subfield code="B">GND-000361860</subfield>
    <subfield code="C">024</subfield>
  </datafield>
  <datafield tag="GSI" ind1="7" ind2=" ">
    <subfield code="a">Q122453</subfield>
    <subfield code="2">wikidata</subfield>
    <subfield code="A">GND</subfield>
    <subfield code="B">GND-000361860</subfield>
    <subfield code="C">024</subfield>
  </datafield>
  <datafield tag="GSI" ind1="7" ind2=" ">
    <subfield code="a">04vnq7t77</subfield>
    <subfield code="2">ror</subfield>
    <subfield code="A">GND</subfield>
    <subfield code="B">GND-000361860</subfield>
    <subfield code="C">024</subfield>
  </datafield>
  <datafield tag="GSI" ind1="7" ind2=" ">
    <subfield code="a">http://d-nb.info/gnd/4743050-3</subfield>
    <subfield code="2">uri</subfield>
    <subfield code="A">GND</subfield>
    <subfield code="B">GND-968544703</subfield>
    <subfield code="C">024</subfield>
  </datafield>
  <datafield tag="GST" ind1=" " ind2=" ">
    <subfield code="a">State control</subfield>
    <subfield code="A">GND</subfield>
    <subfield code="B">GND-041911725</subfield>
    <subfield code="C">450</subfield>
  </datafield>
  <datafield tag="GST" ind1=" " ind2=" ">
    <subfield code="a">State regulation</subfield>
    <subfield code="A">GND</subfield>
    <subfield code="B">GND-041911725</subfield>
    <subfield code="C">450</subfield>
  </datafield>
  <datafield tag="GSI" ind1="7" ind2=" ">
    <subfield code="a">4191172-6</subfield>
    <subfield code="0">http://d-nb.info/gnd/4191172-6</subfield>
    <subfield code="2">gnd</subfield>
    <subfield code="A">GND</subfield>
    <subfield code="B">GND-041911725</subfield>
    <subfield code="C">024</subfield>
  </datafield>
  <datafield tag="GSI" ind1="7" ind2=" ">
    <subfield code="a">4114528-8</subfield>
    <subfield code="0">http://d-nb.info/gnd/4114528-8</subfield>
    <subfield code="2">gnd</subfield>
    <subfield code="A">GND</subfield>
    <subfield code="B">GND-041145283</subfield>
    <subfield code="C">024</subfield>
  </datafield>
  <datafield tag="GST" ind1=" " ind2=" ">
    <subfield code="a">Rotation</subfield>
    <subfield code="g">Drehung</subfield>
    <subfield code="A">GND</subfield>
    <subfield code="B">GND-041506197</subfield>
    <subfield code="C">450</subfield>
  </datafield>
  <datafield tag="GST" ind1=" " ind2=" ">
    <subfield code="a">Drehbewegung</subfield>
    <subfield code="9">v:Quasisynonym</subfield>
    <subfield code="A">GND</subfield>
    <subfield code="B">GND-041506197</subfield>
    <subfield code="C">450</subfield>
  </datafield>
  <datafield tag="GSI" ind1="7" ind2=" ">
    <subfield code="a">http://d-nb.info/gnd/4150619-4</subfield>
    <subfield code="2">uri</subfield>
    <subfield code="A">GND</subfield>
    <subfield code="B">GND-041506197</subfield>
    <subfield code="C">024</subfield>
  </datafield>
  <datafield tag="GST" ind1=" " ind2=" ">
    <subfield code="a">Pendelbewegung</subfield>
    <subfield code="A">GND</subfield>
    <subfield code="B">GND-041736532</subfield>
    <subfield code="C">450</subfield>
  </datafield>
  <datafield tag="GST" ind1=" " ind2=" ">
    <subfield code="a">Pendeln</subfield>
    <subfield code="A">GND</subfield>
    <subfield code="B">GND-041736532</subfield>
    <subfield code="C">450</subfield>
  </datafield>
  <datafield tag="GST" ind1=" " ind2=" ">
    <subfield code="a">Pendelung</subfield>
    <subfield code="A">GND</subfield>
    <subfield code="B">GND-041736532</subfield>
    <subfield code="C">450</subfield>
  </datafield>
  <datafield tag="GST" ind1=" " ind2=" ">
    <subfield code="a">Pendular motion</subfield>
    <subfield code="A">GND</subfield>
    <subfield code="B">GND-041736532</subfield>
    <subfield code="C">450</subfield>
  </datafield>
  <datafield tag="GST" ind1=" " ind2=" ">
    <subfield code="a">Pendulation</subfield>
    <subfield code="A">GND</subfield>
    <subfield code="B">GND-041736532</subfield>
    <subfield code="C">450</subfield>
  </datafield>
  <datafield tag="GST" ind1=" " ind2=" ">
    <subfield code="a">Pendulum motion</subfield>
    <subfield code="A">GND</subfield>
    <subfield code="B">GND-041736532</subfield>
    <subfield code="C">450</subfield>
  </datafield>
  <datafield tag="GST" ind1=" " ind2=" ">
    <subfield code="a">Pendular oscillation</subfield>
    <subfield code="A">GND</subfield>
    <subfield code="B">GND-041736532</subfield>
    <subfield code="C">450</subfield>
  </datafield>
  <datafield tag="GSI" ind1="7" ind2=" ">
    <subfield code="a">4173653-9</subfield>
    <subfield code="0">http://d-nb.info/gnd/4173653-9</subfield>
    <subfield code="2">gnd</subfield>
    <subfield code="A">GND</subfield>
    <subfield code="B">GND-041736532</subfield>
    <subfield code="C">024</subfield>
  </datafield>
  <datafield tag="GST" ind1=" " ind2=" ">
    <subfield code="a">Bewegungsbahn</subfield>
    <subfield code="x">Programmierung</subfield>
    <subfield code="A">GND</subfield>
    <subfield code="B">GND-042676282</subfield>
    <subfield code="C">450</subfield>
  </datafield>
  <datafield tag="GST" ind1=" " ind2=" ">
    <subfield code="a">Trajektorie</subfield>
    <subfield code="g">Kinematik</subfield>
    <subfield code="x">Programmierung</subfield>
    <subfield code="A">GND</subfield>
    <subfield code="B">GND-042676282</subfield>
    <subfield code="C">450</subfield>
  </datafield>
  <datafield tag="GST" ind1=" " ind2=" ">
    <subfield code="a">Pfadplanung</subfield>
    <subfield code="9">v:Vorlage</subfield>
    <subfield code="A">GND</subfield>
    <subfield code="B">GND-042676282</subfield>
    <subfield code="C">450</subfield>
  </datafield>
  <datafield tag="GST" ind1=" " ind2=" ">
    <subfield code="a">Roboter</subfield>
    <subfield code="x">Bahnplanung</subfield>
    <subfield code="A">GND</subfield>
    <subfield code="B">GND-042676282</subfield>
    <subfield code="C">450</subfield>
  </datafield>
  <datafield tag="GSI" ind1="7" ind2=" ">
    <subfield code="a">4267628-9</subfield>
    <subfield code="0">http://d-nb.info/gnd/4267628-9</subfield>
    <subfield code="2">gnd</subfield>
    <subfield code="A">GND</subfield>
    <subfield code="B">GND-042676282</subfield>
    <subfield code="C">024</subfield>
  </datafield>
  <datafield tag="GST" ind1=" " ind2=" ">
    <subfield code="a">Bewegungssteuerung</subfield>
    <subfield code="g">Technik</subfield>
    <subfield code="A">GND</subfield>
    <subfield code="B">GND-1135924376</subfield>
    <subfield code="C">450</subfield>
  </datafield>
  <datafield tag="GST" ind1=" " ind2=" ">
    <subfield code="a">Motion Control</subfield>
    <subfield code="A">GND</subfield>
    <subfield code="B">GND-1135924376</subfield>
    <subfield code="C">450</subfield>
  </datafield>
  <datafield tag="GSI" ind1="7" ind2=" ">
    <subfield code="a">http://d-nb.info/gnd/1135924376</subfield>
    <subfield code="2">uri</subfield>
    <subfield code="A">GND</subfield>
    <subfield code="B">GND-1135924376</subfield>
    <subfield code="C">024</subfield>
  </datafield>
  <datafield tag="GST" ind1=" " ind2=" ">
    <subfield code="a">Laufkran</subfield>
    <subfield code="A">GND</subfield>
    <subfield code="B">GND-041467396</subfield>
    <subfield code="C">450</subfield>
  </datafield>
  <datafield tag="GSI" ind1="7" ind2=" ">
    <subfield code="a">4146739-5</subfield>
    <subfield code="0">http://d-nb.info/gnd/4146739-5</subfield>
    <subfield code="2">gnd</subfield>
    <subfield code="A">GND</subfield>
    <subfield code="B">GND-041467396</subfield>
    <subfield code="C">024</subfield>
  </datafield>
  <datafield tag="GST" ind1=" " ind2=" ">
    <subfield code="a">Meßsonde</subfield>
    <subfield code="A">GND</subfield>
    <subfield code="B">GND-040555100</subfield>
    <subfield code="C">450</subfield>
  </datafield>
  <datafield tag="GSI" ind1="7" ind2=" ">
    <subfield code="a">http://d-nb.info/gnd/4055510-0</subfield>
    <subfield code="2">uri</subfield>
    <subfield code="A">GND</subfield>
    <subfield code="B">GND-040555100</subfield>
    <subfield code="C">024</subfield>
  </datafield>
  <datafield tag="GST" ind1=" " ind2=" ">
    <subfield code="a">Fahrbares Gerät</subfield>
    <subfield code="A">GND</subfield>
    <subfield code="B">GND-959143459</subfield>
    <subfield code="C">450</subfield>
  </datafield>
  <datafield tag="GST" ind1=" " ind2=" ">
    <subfield code="a">Mobiles Gerät</subfield>
    <subfield code="A">GND</subfield>
    <subfield code="B">GND-959143459</subfield>
    <subfield code="C">450</subfield>
  </datafield>
  <datafield tag="GST" ind1=" " ind2=" ">
    <subfield code="a">Tragbares Gerät</subfield>
    <subfield code="A">GND</subfield>
    <subfield code="B">GND-959143459</subfield>
    <subfield code="C">450</subfield>
  </datafield>
  <datafield tag="GSI" ind1="7" ind2=" ">
    <subfield code="a">4592565-3</subfield>
    <subfield code="0">http://d-nb.info/gnd/4592565-3</subfield>
    <subfield code="2">gnd</subfield>
    <subfield code="A">GND</subfield>
    <subfield code="B">GND-959143459</subfield>
    <subfield code="C">024</subfield>
  </datafield>
  <datafield tag="GSI" ind1="7" ind2=" ">
    <subfield code="a">4142613-7</subfield>
    <subfield code="0">http://d-nb.info/gnd/4142613-7</subfield>
    <subfield code="2">gnd</subfield>
    <subfield code="A">GND</subfield>
    <subfield code="B">GND-041426134</subfield>
    <subfield code="C">024</subfield>
  </datafield>
  <datafield tag="GPN" ind1="1" ind2=" ">
    <subfield code="a">Sawodny, O.</subfield>
    <subfield code="d">1966-</subfield>
    <subfield code="A">GND</subfield>
    <subfield code="B">GND-132799979</subfield>
    <subfield code="C">400</subfield>
  </datafield>
  <datafield tag="GSI" ind1="7" ind2=" ">
    <subfield code="a">132799979</subfield>
    <subfield code="0">http://d-nb.info/gnd/132799979</subfield>
    <subfield code="2">gnd</subfield>
    <subfield code="A">GND</subfield>
    <subfield code="B">GND-132799979</subfield>
    <subfield code="C">024</subfield>
  </datafield>
</record>
